% this is the bibliography file

@misc{edXTut,
	author = "LinuxFoundationX - LFS171x",
	title  = "Blockchain for Business - An Introduction to Hyperledger Technologies",
	year = "2017",
	note={Accessed: 2019-01-06},
	howpublished={\url{https://courses.edx.org/}}
}	

@misc{appblockch,
	author = " John Rampton",
	title  = "5 applications for blockchain in your business",
	note={Accessed: 2019-01-07},
	howpublished={\url{https://execed.economist.com/blog/industry-trends/5-applications-blockchain-your-business}}
}	

@misc{appblockch2,
	author = "Aviram Eisenberg",
	title  = "Five Business Opportunities for Blockchain for 2018",
	note={Accessed: 2019-01-05},
	howpublished={\url{https://igniteoutsourcing.com/publications/blockchain-business-applications/}}
}

@misc{isotc307blockch,
	author = "ISO/TC 307",
	title  = "Blockchain and distributed ledger technologies",
	note={Accessed: 2019-01-10},
	howpublished={\url{https://www.iso.org/committee/6266604.html}}
}

@misc{bnaStructure,
	author = "Hyperledger Composer",
	title  = "Welcome to Hyperledger Composer",
	year = "2019",
	note={Accessed: 2019-01-05},
	howpublished={\url{https://hyperledger.github.io/composer/v0.19/introduction/introduction}}
}

@Book{tapscott,
	author = "Don Tapscott, Alex Tapscott",
	title  = "Blockchain Revolution: How the Technology Behind Bitcoin and Other Cryptocurrencies Is Changing the World",
	year = "2016",
	publisher = "Portfolio"
}

@misc{fabric-article,
	author = "Elli Androulaki, Artem Barger, Vita Bortnikov, Christian Cachin, Konstantinos Christidis, Angelo De Caro, David Enyeart, Christopher Ferris, Gennady Laventman, Yacov Manevich, Srinivasan Muralidharan, Chet Murthy, Binh Nguyen, Manish Sethi, Gari Singh, Keith Smith, Alessandro Sorniotti, Chrysoula Stathakopoulou, Marko VukoliÄ‡, Sharon Weed Cocco, Jason Yellick",
	title = "Hyperledger Fabric: A Distributed Operating System for Permissioned Blockchains",
	note={Accessed Mar. 2019},
	howpublished={Appears in proceedings of EuroSys 2018 conference, \url{https://arxiv.org/abs/1801.10228v2}}
}

@misc{fabric-wiki,
	author = "Hyperledger Fabric Community",
	title = "Hyperledger Fabric Documentation",
	year = "2019",
	note={Accessed Mar. 2019},
	howpublished={Build with Sphinx and Read the Docs, \url{https://hyperledger-fabric.readthedocs.io/en/latest/whatis.html#}}
}	

@misc{composer-wiki,
	author = "Hyperledger Composer Community",
	title = "Hyperledger Composer Documentation",
	year = "2019",
	note={Accessed Mar. 2019},
	howpublished={Published on Hyperldeger Github, \url{https://hyperledger.github.io/composer/latest/introduction/introduction.html}}
}

@Article{bitcoinwhitepaper,
	author = {Nakamoto Satoshi},
	title =  {Bitcoin: A peer-to-peer electronic cash  system},
	year  = {2008},
	journal = {The Cryptography Mailing list at metzdowd.com}
}

@misc{pow-byzantine,
	author = {Jeroen Rijnbout},
	title =  {Byzantine Consensus through Bitcoin's proof-of-work},
	year  = {2017},
	note={Accessed Apr. 2019},
	howpublished={Published on MCA, \url{https://pdfs.semanticscholar.org/0d82/a314dd96265ac8542a9ca80e5c7db09594d2.pdf}}
}