% this is the bibliography file

@Article{bitcoinwhitepaper,
	author = {Nakamoto, Satoshi},
	title =  {Bitcoin: A peer-to-peer electronic cash  system},
	year  = {2008},
	journal = {The Cryptography Mailing list at metzdowd.com}
}

@Article{hashcash,
	author = {Back, Adam},
	title =  {Hashcash-a denial of service counter-measure},
	year  = {2002}
}

@Book{proofofwork,
	author = {Laurie, Ben and Richard Clayton},
	title = {Proof-of-work proves not to work; version 0.2},
	year = {2004},
	publisher = {Workshop on Economics and Information, Security}
}

@Book{byzantine,
	author = {Lamport, Leslie and Shostak, Robert and Marshall Pease},
	title = {The Byzantine generals problem},
	year = {1982},
	publisher = {ACM Transactions on Programming Languages and Systems (TOPLAS) 4.3}
}

@Book{masteringblk,
	author = {Imran Bashir},
	title = {Mastering Blockchain},
	year = {2017},
	publisher = {Packt Publishing}
}

@Book{merkletree,
	author = {Merkle, R. C},
	title = {A Digital Signature Based on a Conventional Encryption Function},
	year = {1988},
	publisher = {Advances in Cryptology - CRYPTO '87. Lecture Notes in Computer Science}
}

@Book{digitalsignature,
	author = {US patent 4309569, Ralf Merkle},
	title = {Method of providing digital signatures},
	year = {1982},
	publisher = {The Board Of Trustees Of The Leland Stanford Junior University}
}

@Book{masterbit,
	author = {Andreas M. Antonopoulos},
	title = {Mastering Bitcoin 2nd Edition},
	year = {2017}
}

@Book{blockchaind,
	author = {Tiana Laurence},
	title = {Blockchain For Dummies},
	year = {2017}
}

@misc{szabo1998secure,
  title={Secure Property Titles with Owner Authority.(1998)},
  author={Szabo, Nick},
  year={1998}
}

@misc{wilcox2001names,
  title={Distributed, Secure, Human-Readable: Choose Two},
  author={Wilcox-O’Hearn, Zooko},
  howpublished={\url{https://web.archive.org/web/20011020191610/http://zooko.com/distnames.html}},
  year={2001},
  note={Accessed: 2017-06-14}
}

@techreport{rfc1034,
 title={Domain Names - Concepts and Facilities},
 author={P. Mockapetris},
 type={RFC},
 number={1034},
 year={November 1987},
 publisher={The Internet Society}
}

@techreport{rfc1057,
	title={Specifies version 1 of ONC RPC},
	author={Network Working Group},
	type={RFC},
	number={1057},
	year={June 1988},
	publisher={Sun Microsystems, Inc.}
}

@techreport{rfc5531,
	title={Specifies version 2 of ONC RPC},
	author={R. Thurlow},
	type={RFC},
	number={5531},
	year={May 2009},
	publisher={Sun Microsystems}
}

@techreport{rfc7159,
	title={The JavaScript Object Notation (JSON) Data Interchange Format},
	author={T. Bray, Ed.},
	type={RFC},
	number={7159},
	year={March 2014},
	publisher={Google, Inc.}
}

@article{def-dsss,
	author  = "Watson H., R. Kelly Rainer, Chang E. Koh",
	title   = "Executive Information Systems: A
	framework for Development and a Survey of Current Practices",
	year    = "1991",
	journal = "MIS Quarterly",
	volume  = "15"
}

@article{dds-efectiveness,
	author  = "D. Mladenić, N. Lavrač, M. Bohanec and S. Moyle",
	title   = "Data Mining and Decision Support: Integration and Collaboratio",
	year    = "2002",
	journal = "Kluwer Academic Publishers"
}

@Book{blockchain,
	author = {Siraj Raval},
	title = {Decentralized Applications: Harnessing Bitcoin's Blockchain Technology},
	year = {2016},
	publisher = {O'Reilly Media}
}
@misc{opennic,
	title={.bit TLD},
	howpublished={\url{https://wiki.opennic.org/opennic:dot:bit}},
	year={2017},
	note={Accessed: 2017-06-19}
}
  
@misc{bft,
	title={Secure Property Titles with Owner Authority},
	author={Nick Szabo},
	howpublished={\url{http://nakamotoinstitute.org/secure-property-titles/}},
	year={Originally published in 1998},
	note={Accessed: 2017-06-22}
}

@techreport{rfc7686,
	title={ The ".onion" Special-Use Domain Name},
	author={J. Appelbaum, A. Muffett},
	type={RFC},
	number={7686},
	year={October 2015},
	publisher={Facebook}
}

@misc{openid,
	title={Single sign-on service OpenID getting more usage},
	author={Eldon, Eric},
	howpublished={\url{https://venturebeat.com/2009/04/14/single-sign-on-service-openid-getting-more-usage/}},
	year={April 14, 2009},
	note={Accessed: 2017-06-23}
}

@misc{bitmessage,
	title={Bitmessage:A Peer-to-Peer Message Authentication and Delivery System},
	author={Warren, Jonathan},
	howpublished={\url{https://bitmessage.org/bitmessage.pdf}},
	year={November 27, 2012},
	note={Accessed: 2017-06-26}
}
@techreport{rfc2535,
	title={Domain Name System Security Extensions},
	author={D. Eastlake},
	type={RFC},
	number={2535},
	year={March 1999},
	publisher={IBM}
}

@Book{swtbook,
	author = { Northover, Steve and Wilson, Mike},
	title = {SWT: The Standard Widget Toolkit, Volume 1 },
	year = {Jun 28, 2004},
	publisher = {Addison-Wesley Professional}
}

@misc{sha2,
	title={Bicliques for Preimages: Attacks on Skein-512 and the SHA-2 family},
	author={Khovratovich, Dmitry and Rechberger, Christian and Savelieva, Alexandra},
	howpublished={\url{http://eprint.iacr.org/2011/286.pdf}},
	year={Originally published in 2011},
	note={Accessed: 2018-01-25}
}

@misc{5appforblock,
	title={5 applications for blockchain in your business},
	author={John Rampton},
	publisher={execed.economist.com}
}

@misc{blocknextinternet,
	title={Blockchain Revolution},
	author={Don Tapscott and Alex Tapscott},
	howpublished={\url{https://www.linkedin.com/pulse/whats-next-generation-internet-surprise-its-all-don-tapscott/}},
	year={Originally published in 2016},
	note={Accessed: 2018-01-28}
}

@misc{blocktechguide,
	title={What is Blockchain Technology? A Step-by-Step Guide For Beginners},
	author={Ammer Rosic},
	year={Originally published in 2017},
	note={Accessed: 2018-01-28},
	howpublished={\url{https://blockgeeks.com/guides/what-is-blockchain-technology/}}
}


@misc{dss-web,
	title={Restful web services vs. "big"' web services: making the right architectural decision},
	author={Cesare Pautasso,Olaf Zimmermann and Frank Leymann},
	year={Originally published in 2008},
	note={Accessed: 2018-01-28},
	howpublished={\url{https://dl.acm.org/citation.cfm?id=1367606&preflayout=flat}}
}

@article{39029,
	author = "Adela Bâra, Ion Lungu",
	title  = "Improving Decision Support Systems with Data Mining Techniques",
	year = "2012"
}
