% this is the bibliography file

@misc{edXTut,
	author = "LinuxFoundationX - LFS171x",
	title  = "Blockchain for Business - An Introduction to Hyperledger Technologies",
	year = "2017",
	note={Accessed: 2018-05-27},
	howpublished={\url{https://courses.edx.org/}}
}	

@misc{appblockch,
	author = " John Rampton",
	title  = "5 applications for blockchain in your business",
	note={Accessed: 2018-05-27},
	howpublished={\url{https://execed.economist.com/blog/industry-trends/5-applications-blockchain-your-business}}
}	

@misc{appblockch2,
	author = "Aviram Eisenberg",
	title  = "Five Business Opportunities for Blockchain for 2018",
	note={Accessed: 2018-05-27},
	howpublished={\url{https://igniteoutsourcing.com/publications/blockchain-business-applications/}}
}

@misc{isotc307blockch,
	author = "ISO/TC 307",
	title  = "Blockchain and distributed ledger technologies",
	note={Accessed: 2018-05-28},
	howpublished={\url{https://www.iso.org/committee/6266604.html}}
}

@misc{bnaStructure,
	author = "Hyperledger Composer",
	title  = "Welcome to Hyperledger Composer",
	year = "2019",
	note={Accessed: 2019-01-5},
	howpublished={\url{https://hyperledger.github.io/composer/v0.19/introduction/introduction}}
}

@Book{tapscott,
	author = "Don Tapscott, Alex Tapscott",
	title  = "Blockchain Revolution: How the Technology Behind Bitcoin and Other Cryptocurrencies Is Changing the World",
	year = "2016",
	publisher = "Portfolio"
}	